@article{mandelbrot1980,  
    title = {Fractal aspects of the iteration of $z \rightarrow \lambda z(1-z)$ for complex $\lambda$ and $z$},  
    author = {Mandelbrot, B. B.},  
    journal = {Annals of the New York Academy of Sciences},  
    volume = {357},  
    number = {1},  
    pages = {249-259},  
    year = {1980}  
}  
  
@book{peitgen1988,  
    title = {The science of fractal images},  
    editor = {Peitgen, H. O. and Saupe, D.},  
    publisher = {Springer-Verlag},  
    address = {New York},  
    year = {1988}  
}  
  
@book{devaney1990,  
    title = {Chaos, Fractals, and Dynamics: Computer Experiments in Mathematics},  
    author = {Devaney, R. L.},  
    publisher = {Addison-Wesley},  
    year = {1990}  
}  
  
@book{mandelbrot1982,  
    title = {The Fractal Geometry of Nature},  
    author = {Mandelbrot, B.},  
    publisher = {W. H. Freeman and Company},  
    year = {1982}  
}  
  
@book{falconer2003,  
    title = {Fractal Geometry: Mathematical Foundations and Applications},  
    author = {Falconer, K.},  
    publisher = {John Wiley \& Sons},  
    year = {2003}  
}  

@book{peitgen1992,
    title = {Chaos and Fractals: New Frontiers of Science},
    author = {Peitgen, Heinz-Otto and JÃ¼rgens, Hartmut and Saupe, Dietmar},
    publisher = {Springer-Verlag},
    year = {1992}
}

@book{barnsley1988,
    title = {Fractals Everywhere},
    author = {Barnsley, Michael F.},
    publisher = {Academic Press},
    year = {1988}
}
