@article{lawson1979,  
    title={Basic Linear Algebra Subprograms for Fortran Usage},  
    author={Lawson, C. L. and Hanson, R. J. and Kincaid, D. R. and Krogh, F. T.},  
    journal={ACM Transactions on Mathematical Software (TOMS)},  
    volume={5},  
    number={3},  
    pages={308--323},  
    year={1979},  
    publisher={ACM New York, NY, USA}  
}  

@book{strang2006,  
    title={Linear Algebra and Its Applications},  
    author={Strang, G.},  
    year={2006},  
    publisher={Brooks Cole}  
}  
@book{lay2015,  
    title={Linear Algebra and Its Applications},  
    author={Lay, D. C. and Lay, S. R. and McDonald, J. J.},  
    year={2015},  
    publisher={Pearson}  
}  
@article{strassen1969,  
    title={Gaussian elimination is not optimal},  
    author={Strassen, V.},  
    journal={Numerische Mathematik},  
    volume={13},  
    number={4},  
    pages={354--356},  
    year={1969},  
    publisher={Springer}  
}  
@article{coppersmith1987,  
    title={Matrix multiplication via arithmetic progressions},  
    author={Coppersmith, D. and Winograd, S.},  
    journal={Journal of Symbolic Computation},  
    volume={9},  
    number={3},  
    pages={251--280},  
    year={1987},  
    publisher={Elsevier}  
}  
@inproceedings{alman2020,  
    title={A Refined Laser Method and Faster Matrix Multiplication},  
    author={Alman, J. and Williams, V. V.},  
    booktitle={Proceedings of the 52nd Annual ACM SIGACT Symposium on Theory of Computing},  
    pages={13--23},  
    year={2020}  
}  
@article{dongarra2016,  
    title={High performance matrix multiplication},  
    author={Dongarra, J. and Faverge, M. and Ltaief, H. and Luszczek, P.},  
    journal={ACM Transactions on Mathematical Software (TOMS)},  
    volume={45},  
    number={1},  
    pages={1--25},  
    year={2016},  
    publisher={ACM New York, NY, USA}  
}  
@article{ballard2012,  
    title={Minimizing communication in numerical linear algebra},  
    author={Ballard, G. and Demmel, J. and Holtz, O. and Schwartz, O.},  
    journal={SIAM Journal on Matrix Analysis and Applications},  
    volume={32},  
    number={3},  
    pages={866--901},  
    year={2012},  
    publisher={Society for Industrial and Applied Mathematics}  
}  
@article{gilbert1992,  
    title={Sparse matrices in MATLAB: Design and implementation},  
    author={Gilbert, J. R. and Moler, C. and Schreiber, R. and Trefethen, L.},  
    journal={SIAM Journal on Matrix Analysis and Applications},  
    volume={13},  
    number={1},  
    pages={333--356},  
    year={1992},  
    publisher={Society for Industrial and Applied Mathematics}  
}  
@article{chandrasekaran2006,  
    title={Fast algorithms and the algebraic complexity of Strassen-like matrix multiplication},  
    author={Chandrasekaran, S. and Gu, M. and Pals, T. and Xia, J.},  
    journal={Numerical Linear Algebra with Applications},  
    volume={13},  
    number={2-3},  
    pages={115--136},  
    year={2006},  
    publisher={Wiley Online Library}  
}  

@misc{duan2023faster,
      title={Faster Matrix Multiplication via Asymmetric Hashing}, 
      author={Ran Duan and Hongxun Wu and Renfei Zhou},
      year={2023},
      eprint={2210.10173},
      archivePrefix={arXiv},
      primaryClass={cs.DS}
}